4176 5220
192 475 330 554 daberis,
341 475 434 542 idem·
442 472 584 541 ostendit
596 474 692 564 copia
703 474 951 554 vocabulorum,
964 498 1047 562 quae
1061 477 1222 564 permulta
1237 490 1292 542 aut
1304 476 1450 568 Apuleio
1463 480 1525 545 soli
1537 494 1592 544 aut
1613 475 1789 568 perpaucis
1796 476 1896 568 praee·

193 593 244 643 ter
263 601 338 645 eum
361 601 436 642 cum
455 575 590 642 comicis
611 576 797 641 communia
816 590 899 655 sunt,
923 573 1065 641 ostendit
1086 599 1183 665 saepe
1198 577 1437 646 vocabulorum
1459 580 1567 644 minus
1588 580 1704 646 usitata
1726 576 1833 645 forma
1850 578 1896 658 li·

193 678 370 766 beriorque
391 678 425 742 in
444 676 644 742 immutanda
666 675 902 764 significatione
924 699 1010 756 usus,
1032 676 1149 764 quain
1170 703 1206 744 re
1218 677 1409 768 praesertim
1430 676 1785 745 animadvertere-licet
1798 679 1896 766 Apu·

194 779 294 844 laium
311 801 467 867 persaepe
484 778 645 842 vocabula
662 779 715 843 vel
730 792 814 844 totas
832 777 988 866 loquendi
1003 775 1171 858 formulas,
1186 803 1269 868 quae
1288 780 1619 871 propriepertineant
1634 780 1677 851 ad
1689 805 1760 850 reru
1774 779 1897 844 milita-

191 903 262 947 rem
275 880 329 945 vel
341 878 385 943 ad
393 876 595 945 iudiciorum
605 901 707 957 usum,
717 877 759 943 ad
775 877 855 945 alias
863 902 916 947 res
926 876 1113 959 transferre,
1122 879 1305 970 eodemque
1322 880 1410 947 cadit
1425 876 1678 971 proverbiorum
1692 881 1781 947 haud
1794 879 1899 949 inire·

190 1005 291 1070 quens
313 1004 397 1047 usus.
441 979 607 1067 Multaque
626 978 724 1043 etiam
745 1000 837 1049 nova.
853 979 966 1060 verba,
998 1003 1082 1067 quae
1101 982 1154 1046 vel
1175 981 1301 1070 primus
1320 981 1418 1053 finxit
1438 981 1600 1070 Apuleius
1620 984 1673 1048 vel
1694 983 1783 1047 solus
1803 1003 1898 1045 usur·

192 1096 260 1169 pat,
282 1102 465 1146 sermonem
486 1081 584 1145 istum
603 1081 773 1166 vulgarem
795 1077 955 1147 redolent.
997 1076 1063 1145 Sed
1083 1079 1266 1170 principem
1290 1081 1325 1146 in
1346 1079 1398 1147 his
1428 1083 1538 1149 locum
1558 1080 1621 1146 sibi
1641 1082 1806 1170 postulant
1826 1078 1898 1149 sor7

188 1206 262 1257 mae
285 1181 515 1258 deminufivnn,
536 1178 654 1268 quibus
676 1194 743 1245 tam
766 1179 898 1268 prolixe
919 1192 1048 1269 tamque
1078 1179 1178 1246 effuse
1200 1180 1349 1294 indulget
1368 1183 1546 1273 Apuleius,
1573 1197 1608 1248 ut
1629 1179 1792 1247 Catullum
1814 1180 1898 1245 adeo

193 1305 405 1397 exsuperans,
424 1283 487 1347 hac
505 1283 574 1347 sola
595 1305 631 1345 re
651 1304 686 1345 se
703 1294 879 1369 praestet
858 1279 1129 1347 studiosissimum
1148 1281 1352 1348 comicorum
1366 1296 1570 1359 sectatorem.
1582 1320 1622 1330 -
1636 1277 1785 1374 Accedit,
1808 1277 1900 1368 quod

188 1383 289 1453 etiam
316 1383 351 1449 in
378 1382 488 1449 verbis
512 1395 599 1447 recte
621 1379 847 1447 construendis
872 1381 1172 1472 componendisque
1204 1382 1377 1451 enuntiatis
1402 1380 1491 1447 haud
1518 1406 1597 1450 raro
1607 1358 1777 1473 Apuleius
1798 1403 1897 1467 prae-

191 1499 284 1574 cepta
303 1481 591 1571 grammaticorum
611 1504 680 1585 non
699 1481 775 1553 satis
796 1480 915 1547 anxius
936 1497 1036 1564 curat,
1059 1507 1173 1572 eaque,
1196 1507 1280 1573 quae
1293 1503 1362 1548 non
1378 1479 1497 1548 diserte
1515 1479 1738 1572 neglegentiae
1754 1478 1898 1587 tribuere

191 1606 377 1672 possumus,
400 1596 487 1649 certe
510 1564 741 1671 comprbbant,
758 1607 837 1671 eum
859 1583 1023 1682 emendati
1036 1582 1227 1674 urbanique
1248 1583 1409 1659 sermonis
1431 1583 1578 1671 nondum
1604 1605 1738 1674 prorsus
1759 1570 1897 1691 gnarum

191 1682 315 1766 fuisse5¹
330 1697 426 1772 atque
445 1679 598 1772 prolecto
614 1684 714 1753 multa
736 1696 818 1762 sunt,
840 1682 874 1748 in
896 1664 1015 1773 quibus
1036 1682 1211 1750 dicendum
1228 1699 1305 1798 ιιιι,
1326 1666 1506 1774 Apuleium¹
1527 1683 1646 1755 latinae
1667 1682 1798 1781 linguae
1817 1660 1898 1771 prb·

195 1784 365 1875 prietatem
384 1784 531 1862 nondum
550 1783 626 1850 satis
648 1782 831 1875 percepisse
850 1782 992 1873 ideoque
1022 1808 1146 1872 errasse
1157 1799 1237 1867 tum
1264 1785 1299 1850 in
1318 1782 1478 1875 eligendis
1500 1798 1569 1858 tum
1599 1783 1634 1876 ιιι
1654 1782 1897 1880 componendis

191 1886 370 1954 vocabulis
1013 1944 1015 1949 ,
1090 1940 1093 1947 .

319 1986 411 2071 Quae
432 1999 563 2076 praeter
582 1984 642 2050 ista
663 1967 888 2061 obseruantur,
905 1983 1041 2099 propius
1060 1985 1127 2051 iam
1146 1956 1187 2052 ad
1208 1970 1244 2053 ea
1268 1945 1434 2066 accedunt,
1457 1984 1574 2073 quibus
1590 1956 1769 2052 secundum
1789 1989 1898 2052 locum

194 2087 423 2166 attribueram,
447 2084 568 2176 qnippe
593 2085 680 2177 unde
705 2085 868 2198 Apuleius
896 2086 1000 2174 magis
1025 2101 1175 2152 cernatur
1202 2087 1380 2173 elegantiae
1410 2085 1547 2181 subinde
1577 2080 1697 2152 nimius
1716 2075 1897 2154 affectator

193 2187 270 2271 Quo
292 2186 441 2279 quamvis
452 2185 594 2267 multa
584 2210 650 2251 ram
670 2185 763 2274 prius
786 2200 1041 2252 commemorata
1059 2186 1177 2275 referri
1191 2201 1372 2293 queant·
1397 2175 1525 2276 saepius
1546 2186 1635 2252 enim
1656 2188 1689 2252 in
1699 2189 1768 2253 tali
1795 2212 1892 2303 qnae-

192 2290 297 2357 stione
322 2288 371 2368 fit,
410 2303 444 2353 ut
466 2288 581 2354 eadem
601 2311 653 2354 res
675 2286 717 2351 ad
738 2301 909 2403 utramque
930 2303 1053 2385 partem
1074 2284 1291 2385 pertineat-
1320 2304 1427 2354 tamen
1455 2288 1509 2353 hic
1538 2310 1740 2378 quoqueex
1766 2288 1897 2394 'potiore

191 2390 248 2457 fiat
269 2366 501 2456 denominatio
544 2386 657 2477 Itaque
686 2402 759 2453 ante
782 2386 893 2454 omnia
921 2387 1119 2471 mentionem
1146 2378 1234 2482 facio
1255 2402 1363 2455 tantae
1390 2388 1628 2455 vocabulorum
1650 2384 1781 2483 copiae,
1813 2413 1896 2478 quae

192 2491 333 2580 scriptor
352 2488 445 2581 petiit
467 2513 509 2554 ex
531 2487 700 2596 antiquis
692 2488 824 2578 linguae
847 2487 964 2567 latinae
986 2484 1215 2579 monumentis,
1238 2484 1342 2570 dice,
1346 2468 1576 2583 archaismos“
1598 2511 1680 2577 quos
1694 2486 1897 2603 grammatici

191 2606 320 2667 vocant.
364 2590 490 2657 Εοιιιιιι
512 2590 634 2677 tantam
655 2588 741 2681 apud
765 2613 839 2654 eum
860 2589 987 2681 invenis
1009 2588 1259 2691 multitudinem,
1284 2605 1318 2655 ut
1339 2576 1435 2673 facile
1455 2579 1620 2706 appareat,
1628 2603 1844 2685 quantopere
1865 2589 1896 2654 ei

191 2693 225 2761 in
245 2691 373 2758 deliciis
393 2689 522 2771 fuerint,
545 2703 645 2801 utque
665 2687 834 2781 intelligas,
860 2716 917 2791 ιιιιι
908 2689 1010 2756 lieri
1031 2678 1193 2785 potuerit,
1217 2705 1254 2756 ιιι
1274 2678 1402 2789 librarii
1429 2690 1470 2756 de
1492 2691 1558 2757 suis
1582 2686 1617 2756 in
1639 2691 1774 2795 Apuleii
1795 2690 1898 2756 libros

192 2794 280 2858 haud
301 2817 404 2883 pauca
421 2791 456 2857 id
481 2814 582 2880 genus
603 2788 753 2879 ingerere
775 2806 871 2881 atque
892 2784 1060 2887 intrudere
1078 2790 1190 2860 bonati
1209 2791 1345 2858 sint.—
1366 2790 1496 2858 Deinde
1517 2814 1599 2858 vero
1622 2782 1752 2857 multa
1741 2815 1777 2856 111
1798 2779 1896 2895 Apis-

191 2891 247 2977 leii
267 2893 359 2958 libris
380 2893 422 2959 ad
443 2905 615 3004 ιιοθιιιιιιιιι
629 2888 760 2956 dicendi
782 2915 909 2959 morem
927 2888 1104 2982 proxime
1099 2882 1286 2974 accedunt,
1289 2869 1354 2958 noir
1372 2894 1478 2979 solum
1498 2890 1689 2958 vocabula
1679 2917 1748 2983 ipsa
1762 2912 1895 2971 eorum-

191 3018 254 3093 que
274 2994 409 3073 formae,
434 2991 492 3059 sed
509 2989 611 3059 etiam
632 2991 777 3057 translati
790 2991 988 3108 significatus
1003 2988 1247 3083 structuraeque
1265 2990 1340 3059 satis
1353 2995 1452 3058 multa
1463 2994 1624 3104 exempla
1658 2990 1727 3059 Nec
1740 3013 1822 3059 vero
1837 2988 1898 3055 ista

190 3092 319 3208 poetica
332 3093 487 3183 loquendi
511 3091 712 3159 consuetudo
727 3107 851 3158 tantum
872 3093 907 3159 in
925 3088 1060 3187 singulis
1075 3092 1212 3164 vocibus
1226 3109 1371 3186 apparet,
1387 3092 1489 3161 immo
1512 3076 1605 3159 mirlti
1623 3091 1730 3160 loci
1701 3117 1797 3187 eique
1808 3090 1897 3158 baud

190 3195 286 3285 parvi
306 3195 460 3272 ambitus,
494 3207 560 3259 tota
583 3193 690 3282 capita
712 3195 877 3285 poeticum
900 3193 1062 3293 quendam
1081 3220 1160 3291 prae
1181 3218 1216 3261 se
1238 3193 1348 3261 ferunt
1368 3196 1532 3274 colorem,
1552 3193 1586 3259 id
1610 3192 1700 3284 quod
1721 3190 1896 3286 praecipue

191 3297 367 3362 observare
388 3292 494 3360 licet
485 3284 518 3359 in
542 3294 758 3408 singulorum
766 3294 927 3363 librorum
942 3288 1107 3383 exprdiis
1113 3294 1201 3382 (dico
1214 3310 1322 3362 autem
1340 3294 1652 3384 Metamorphoseon
1671 3295 1797 3380 libros),
1821 3294 1896 3361 dein

189 3394 246 3462 ubi
267 3410 381 3461 auctor
403 3393 469 3459 diei
491 3392 642 3461 velanni
664 3408 814 3484 tempora
836 3372 1139 3486 vicissitudinesque
1167 3398 1303 3463 venuste
1326 3410 1439 3488 atque,
1465 3395 1493 3462 si
1518 3395 1593 3462 licet
1611 3393 1719 3463 verbo
1741 3395 1796 3474 uti,
1819 3419 1896 3489 gra-

187 3495 284 3587 phice
306 3495 469 3577 describit,
491 3496 547 3562 ubi
576 3497 794 3611 pretiosarum
815 3522 935 3579 rerum,
955 3513 1221 3586 ornamentorum
1240 3522 1366 3566 summa
1387 3523 1462 3564 cum
1483 3512 1551 3564 arte
1571 3497 1810 3576 confectorum,
1834 3496 1897 3565 do-

186 3623 258 3664 mus
280 3599 461 3687 opulentae,
485 3595 679 3676 similium'
669 3597 849 3686 imaginem
867 3597 1016 3680 delineat,
1040 3599 1161 3690 quippe
1180 3578 1269 3665 ubi
1258 3625 1330 3692 ipsa
1353 3615 1541 3691 argumenta
1562 3613 1728 3693 auctorem
1750 3596 1896 3678 ellerant,

186 3722 390 3791 maioresque
402 3724 431 3765 er
424 3694 568 3764 addant
587 3697 727 3788 spiritus.
761 3699 899 3789 Neque
888 3724 921 3764 ιιι
941 3701 1109 3790 Apologia
1125 3701 1325 3768 desiderabis
1345 3702 1431 3783 talia,
1453 3701 1512 3768 sed
1526 3724 1600 3766 cum
1613 3699 1718 3766 iatius
1732 3715 1801 3767 tum
1822 3722 1896 3768 mo·
1914 3760 1923 3772 .

187 3800 328 3867 deratius
344 3806 382 3866 e'a
396 3802 522 3891 prolata
543 3814 626 3880 sunt,
649 3801 801 3890 qualem
791 3825 856 3866 ram
867 3800 1012 3869 tndloavl
1023 3802 1121 3870 totius
1132 3800 1210 3868 libr1
1221 3815 1380 3872 naturam.
1410 3799 1607 3891 Dereliquis
1628 3820 1710 3867 vero
1723 3800 1870 3867 libris
1835 3826 1897 3866 vrx

187 3917 242 3983 est,
265 3902 354 3993 quod
368 3904 432 3970 hoc
450 3903 584 3968 nomine
602 3904 738 3993 loquar:
764 3902 839 3967 talia
855 3903 1022 3994 indaganti
1037 3927 1200 3994 perpauca
1211 3925 1245 3967 se
1267 3905 1424 3992 praebent
1447 3901 1615 3992 et'quibus
1635 3900 1697 3966 vix
1719 3899 1896 3970 delecteris.

187 4003 279 4071 Sed
269 4029 303 4074 ιιι
322 4005 385 4070 hac
405 4003 611 4120 potissimum
634 4028 669 4069 re
694 4002 790 4070 etiam
813 4003 932 4070 vitium
955 4005 1106 4087 cernitur,
1127 4027 1194 4121 quo
1210 3999 1340 4070 Metam
1361 4003 1438 4069 libri
1450 4027 1538 4121 'prae
1560 4000 1675 4069 ceteris
1695 4015 1895 4094 premuntur,

187 4107 341 4201 qnodque
360 4130 401 4171 ne
422 4102 455 4170 in
478 4103 651 4194 Apologia
670 4104 805 4194 quidem
826 4104 967 4194 scriptor
987 4130 1120 4197 prorsus
1139 4102 1265 4172 vitavit.
1309 4101 1385 4170 Una
1405 4106 1492 4171 enim
1516 4129 1590 4171 cum
1611 4105 1745 4171 subacto
1772 4101 1896 4169 iudicio

186 4206 301 4273 deest
301 4231 349 4286 ea,
378 4222 476 4301 quam
498 4202 645 4270 Cicero
635 4229 707 4270 rure
733 4203 813 4269 tanti
836 4202 923 4284 lacit,
951 4205 1108 4273 orationis
1128 4204 1243 4271 lenitas
1261 4199 1356 4320 atque
1377 4206 1603 4298 aequabilitas.
1632 4204 1734 4272 modo
1759 4203 1897 4271 iuvenili

184 4306 303 4374 ardore
322 4304 441 4385 fertur,
473 4303 639 4371 modoad
669 4305 906 4394 neglegentiam
933 4330 1035 4397 usque
1054 4305 1209 4374 remissus
1235 4318 1297 4385 est,
1320 4304 1458 4396 insuper
1479 4332 1547 4377 non
1569 4304 1680 4373 addita
1704 4308 1896 4419 plerumque

184 4407 359 4489 satisiu'sta,
384 4430 448 4496 qua
464 4420 532 4472 tam
548 4406 673 4473 subitus
692 4407 843 4474 transitus
858 4411 1092 4499 cnmprobetur
1108 4423 1139 4475 et
1160 4407 1352 4490 declaretur,
1376 4432 1482 4480 causa.
1515 4406 1610 4475 Multi
1630 4420 1705 4471 sunt
1725 4405 1800 4488 loci,
1820 4406 1894 4495 qui-

183 4507 244 4573 bus
265 4507 415 4596 vigorem
433 4522 704 4599 venustatemque
727 4530 795 4575 non
819 4509 1042 4599 abrogaveris,
1066 4507 1123 4583 sed
1136 4508 1199 4575 bos
1218 4507 1316 4574 nimis
1335 4525 1433 4599 saepe·
1447 4508 1617 4599 excipiunt
1626 4505 1693 4588 alii,
1715 4506 1770 4596 qni
1784 4521 1894 4577 osten-

185 4609 263 4674 dant
282 4620 449 4674 auctorem
472 4632 577 4699 neque
603 4608 797 4700 intelligenti
828 4609 955 4678 iudicio
975 4634 1081 4701 neque
1103 4608 1329 4678 moderatione
1356 4610 1431 4678 satis
1460 4610 1662 4696 instructum
1706 4611 1774 4674 Aut
1805 4608 1892 4674 enim
